@book{boyce2012gasturbine,
  title={Gas Turbine Engineering Handbook},
  author={Boyce, Meherwan P.},
  year={2012},
  publisher={Elsevier Science}
}

@book{cengel2019thermodynamics,
  title={Thermodynamics: An Engineering Approach},
  author={Cengel, Yunus A. and Boles, Michael A.},
  year={2019},
  publisher={McGraw-Hill Education}
}

@book{saravanamuttoo2017gasturbine,
  title={Gas Turbine Theory},
  author={Saravanamuttoo, H. I. H. and Rogers, G. F. C. and Cohen, H. and Straznicky, S.},
  year={2017},
  publisher={Pearson}
}


@book{verstraete2010cfd,
  title={CFD for Turbomachinery},
  author={Verstraete, D. and Van den Braembussche, R. A.},
  year={2010},
  publisher={VKI Lecture Series}
}

@book{gurney2010gasturbine,
  title={Gas Turbine Performance},
  author={Gurney, L. S.},
  year={2010},
  publisher={Butterworth-Heinemann}
}

@book{kurz2009gasturbine,
  title={Gas Turbine System Design, Analysis, and Optimization},
  author={Kurz, R. and Brun, K.},
  year={2009},
  publisher={ASME Press}
}

@article{grieves2011digital,
  title={Digital Twin: Manufacturing Excellence through Virtual Replica of Physical Product for Future Factory},
  author={Grieves, Michael},
  year={2011},
  journal={White Paper, Florida Institute of Technology}
}

@book{tao2019digital,
  title={Digital Twin Driven Smart Manufacturing},
  author={Tao, Fei and Zhang, Hao and Liu, Anlong and Nee, Andrew YC},
  year={2019},
  publisher={Elsevier}
}

@incollection{schluse2018digital,
  title={Digital Twin: An Overview of the Current State},
  author={Schluse, Martin and Rossmann, J{\"u}rgen and Mei√üner, Mario and M{\"u}ller, Maximilian},
  booktitle={Virtual and Augmented Reality in Industry},
  pages={253--272},
  year={2018},
  publisher={Springer, Cham}
}

@book{russell2010artificial,
  title={Artificial Intelligence: A Modern Approach},
  author={Russell, Stuart J. and Norvig, Peter},
  year={2010},
  publisher={Prentice Hall}
}

@book{goodfellow2016deep,
  title={Deep Learning},
  author={Goodfellow, Ian and Bengio, Yoshua and Courville, Aaron},
  year={2016},
  publisher={MIT Press}
}